@misc{Amazon2011,
archivePrefix = {arXiv},
arxivId = {arXiv:1105.1408v1},
author = {Amazon},
booktitle = {Amazon Web Services LLC},
eprint = {arXiv:1105.1408v1},
title = {{Amazon Elastic Compute Cloud (Amazon EC2)}},
url = {http://aws.amazon.com/ec2/},
volume = {2010},
year = {2011}
}
@inproceedings{baroni-dinu-kruszewski:2014:P14-1,
author = {Baroni, Marco and Dinu, Georgiana and Kruszewski, German},
booktitle = {Proceedings of the 52nd Annual Meeting of the Association for Computational Linguistics (Volume 1: Long Papers)},
doi = {10.3115/v1/P14-1023},
isbn = {9781937284725},
pages = {238--247},
publisher = {Association for Computational Linguistics},
title = {{Don't count, predict! A systematic comparison of context-counting vs. context-predicting semantic vectors}},
note = {\url{http://www.aclweb.org/anthology/P14-1023}},
year = {2014}
}
@article{Bastien2012a,
archivePrefix = {arXiv},
arxivId = {arXiv:1211.5590v1},
author = {Bastien, F and Lamblin, Pascal and Pascanu, Razvan and Bergstra, James and Goodfellow, Ian and Bergeron, Arnaud and Bouchard, Nicolas and Warde-Farley, David and Bengio, Yoshua},
eprint = {arXiv:1211.5590v1},
journal = {arXiv preprint arXiv: {\ldots}},
pages = {1--10},
title = {{Theano: new features and speed improvements}},
note = {\url{http://arxiv.org/abs/1211.5590}},
year = {2012}
}
@article{Benello1989,
author = {Benello, Julian and Mackie, Andrew W. and Anderson, James A.},
doi = {10.1016/0885-2308(89)90018-1},
issn = {08852308},
journal = {Computer Speech {\&} Language},
month = jul,
number = {3},
pages = {203--217},
title = {{Syntactic category disambiguation with neural networks}},
note = {\url{http://www.sciencedirect.com/science/article/pii/0885230889900181}},
volume = {3},
year = {1989}
}
@article{Bergstra2010a,
author = {Bergstra, James and Breuleux, Olivier and Bastien, Frederic Fr{\'{e}}d{\'{e}}ric and Lamblin, Pascal and Pascanu, Razvan and Desjardins, Guillaume and Turian, Joseph and Warde-Farley, David and Bengio, Yoshua},
journal = {Proceedings of the Python for Scientific Computing Conference (SciPy)},
number = {Scipy},
pages = {1--7},
title = {{Theano: a CPU and GPU math compiler in Python}},
note = {\url{http://www-etud.iro.umontreal.ca/~wardefar/publications/theano_scipy2010.pdf}},
year = {2010}
}
@article{Chen2015,
archivePrefix = {arXiv},
arxivId = {1512.04906},
author = {Chen, Welin and Grangier, David and Auli, Michael},
eprint = {1512.04906},
isbn = {9781467303675},
pages = {12},
title = {{Strategies for Training Large Vocabulary Neural Language Models}},
note = {\url{http://arxiv.org/abs/1512.04906}},
year = {2015}
}
@article{Chetlur2014a,
archivePrefix = {arXiv},
arxivId = {1410.0759},
author = {Chetlur, Sharan and Woolley, Cliff},
eprint = {1410.0759},
journal = {arXiv preprint arXiv: {\ldots}},
pages = {1--9},
title = {{cuDNN: Efficient Primitives for Deep Learning}},
note = {\url{http://arxiv.org/abs/1410.0759}},
year = {2014}
}
@inproceedings{Habernal.et.al.2016.LREC,
address = {Portoro{\v{z}}, Slovenia},
author = {Habernal, Ivan and Zayed, Omnia and Gurevych, Iryna},
booktitle = {Proceedings of the 10th International Conference on Language Resources and Evaluation (LREC 2016)},
publisher = {European Language Resources Association (ELRA)},
title = {{C4Corpus: Multilingual Web-size corpus with free license}},
month = {May},
year = {2016},
pages = {(to appear)},
url = {TBA}
}
@article{DBLP:journals/corr/JozefowiczVSSW16,
archivePrefix = {arXiv},
arxivId = {1602.02410},
author = {Rafal J{\'{o}}zefowicz and Oriol Vinyals and Mike Schuster and Noam Shazeer and Yonghui Wu},
journal = {CoRR},
volume = {abs/1602.02410},
eprint = {1602.02410},
title = {{Exploring the Limits of Language Modeling}},
note = {\url{http://arxiv.org/abs/1602.02410}},
year = {2016}
}
@phdthesis{mikolov2012,
author = {Mikolov, Tom{\'{a}}{\v{s}}},
school = {Brno University of Technology},
title = {{Statistical Language Models Based on Neural Networks}},
year = {2012},
note = {\url{http://www.fit.vutbr.cz/~imikolov/rnnlm/thesis.pdf}}
}
@article{Karimi2015,
author = {Karimi, Sarvnaz and Yin, Jie and Baum, Jiri},
doi = {10.1162/COLI_a_00230},
journal = {Computational Linguistics},
month = {sep},
number = {3},
pages = {539--548},
title = {{Evaluation Methods for Statistically Dependent Text}},
note = {\url{http://www.mitpressjournals.org/doi/10.1162/COLI_a_00230}},
volume = {41},
year = {2015}
}
@article{DBLP:journals/corr/KimJSR15,
archivePrefix = {arXiv},
arxivId = {1508.06615},
author = {Kim, Yoon and Jernite, Yacine and Sontag, David and Rush, Alexander M.},
eprint = {1508.06615},
journal = {CoRR},
title = {{Character-Aware Neural Language Models}},
note = {\url{http://arxiv.org/abs/1508.06615}},
volume = {abs/1508.0},
year = {2015}
}
@book{whyweposthtwc2016,
author = {Miller, Daniel and Costa, Elisabetta and Haynes, Nell and McDonald, Tom and Nicolescu, Razvan and Sinanan, Jolyanna and Spyer, Juliano and Venkatraman, Shriram and Wang, Xinyuan},
doi = {10.14324/111.9781910634493},
edition = {Why We Pos},
isbn = {9781910634493},
month = {feb},
publisher = {UCL Press},
title = {{How the World Changed Social Media}},
note = {\url{http://discovery.ucl.ac.uk/1474805/1/How-the-World-Changed-Social-Media.pdf}},
year = {2016}
}
@inproceedings{santos2014learning,
author = {{Nogueira dos Santos}, C{\'{i}}cero and Zadrozny, Bianca},
booktitle = {Proceedings of the 31st International Conference on Machine Learning (ICML-14)},
pages = {1818--1826},
title = {{Learning Character-level Representations for Part-of-Speech Tagging}},
year = {2014},
note = {\url{http://jmlr.org/proceedings/papers/v32/santos14.pdf}}
}
@inproceedings{Samardzic2015,
author = {Samard{\v{z}}i{\'{c}}, Tanja and Scherrer, Yves and Glaser, Elvira},
booktitle = {Proceedings of the 7th Language and Technology Conference},
title = {{Normalising orthographic and dialectal variants for the automatic processing of Swiss German}},
note = {\url{http://archive-ouverte.unige.ch/unige:82397}},
year = {2015}
}
@article{Sundermeyer2012,
author = {Sundermeyer, Martin and Schl, Ralf and Ney, Hermann},
isbn = {9781622767595},
journal = {Proc. Interspeech},
keywords = {LSTM neural networks,language modeling,recurrent neural networks},
title = {{LSTM Neural Networks for Language Modeling}},
year = {2012}
}
@article{Sutskever2014,
archivePrefix = {arXiv},
arxivId = {1409.3215},
author = {Sutskever, Ilya and Vinyals, Oriol and Le, Quoc V},
eprint = {1409.3215},
journal = {Advances in Neural Information Processing Systems (NIPS)},
pages = {3104--3112},
title = {{Sequence to sequence learning with neural networks}},
note = {\url{http://papers.nips.cc/paper/5346-sequence-to-sequence-learning-with-neural}},
year = {2014}
}
@phdthesis{Weber2015,
author = {Weber, Daniel Julian},
month = {nov},
number = {November},
school = {Ludwig-Maxmilians-Universit{\"{a}}t M{\"{u}}nchen},
title = {{Text Normalisierung f{\"{u}}r Italienische Twitter-Microblogs}},
type = {bachelorsthesis},
note = {\url{http://www.zhekova.net/Teaching_Supervision_files/Daniel_Weber_BSc.pdf}},
year = {2015}
}
@inproceedings{Yang2013,
address = {Seattle, Washington, USA},
author = {Yang, Yi and Eisenstein, Jacob},
booktitle = {Proceedings of the 2013 Conference on Empirical Methods in Natural Language Processing},
isbn = {9781937284978},
number = {October},
pages = {61--72},
publisher = {Association for Computational Linguistics},
title = {{A Log-Linear Model for Unsupervised Text Normalization}},
year = {2013}
}
@article{DBLP:journals/corr/abs-1301-3781,
author = {Tomas Mikolov and Kai Chen and Greg Corrado and Jeffrey Dean},
title = {{Efficient Estimation of Word Representations in Vector Space}},
journal = {CoRR},
volume = {abs/1301.3781},
year = {2013},
note = {\url{http://arxiv.org/abs/1301.3781}},
timestamp = {Thu, 07 May 2015 20:02:01 +0200},
biburl = {http://dblp.uni-trier.de/rec/bib/journals/corr/abs-1301-3781},
bibsource = {dblp computer science bibliography, http://dblp.org}
}
@article{arXiv:1310.4546,
author = {Mikolov, Tomas and Sutskever, Ilya and Chen, Kai and Corrado, Greg and Dean, Jeffrey},
title = {{Distributed Representations of Words and Phrases and their Compositionality}},
archivePrefix = {arXiv},
arxivId = {1310.4546},
eprint = {1310.4546},
journal = {CoRR},
volume = {abs/1310.4546},
month = oct,
year = {2013},
note = {\url{http://arxiv.org/abs/1310.4546}}
}
@article{Theano2016,
archivePrefix = {arXiv},
arxivId = {1605.02688},
author = {{The Theano Development Team} and Rami Al{-}Rfou and Guillaume Alain and
Amjad Almahairi and et al.},
eprint = {1605.02688},
title = {{Theano: {A} Python framework for fast computation of mathematical expressions}},
note = {\url{http://arxiv.org/abs/1605.02688}},
year = {2016},
journal = {CoRR},
volume = {abs/1605.02688}
}
@misc{chollet2015,
author = {Chollet, Fran√ßois},
title = {{Keras: Deep Learning library for Theano and TensorFlow}},
year = {2015},
publisher = {GitHub},
journal = {GitHub repository},
howpublished = {\url{https://github.com/fchollet/keras}},
urldate = {2016-03-22},
commit = {657b9fb48e93b59083d2e0b8a5e4daf237179dbc}
}
@article{Giesbrecht2009,
author = {Giesbrecht, Eugenie and Evert, Stefan},
journal = {Web as Corpus Workshop (WAC5)},
title = {{Is Part-of-Speech Tagging a Solved Task? An Evaluation of POS Taggers for the German Web as Corpus}},
note = {\url{http://sigwac.org.uk/raw-attachment/wiki/WAC5/WAC5_proceedings.pdf#page=27}},
year = {2009}
}
@Article{Brants2004,
author= {Brants, Sabine and Dipper, Stefanie and Eisenberg, Peter and Hansen-Schirra, Silvia and K{\"o}nig, Esther and Lezius, Wolfgang and Rohrer, Christian and Smith, George and Uszkoreit, Hans},
title= {{TIGER: Linguistic Interpretation of a German Corpus}},
journal = {Research on Language and Computation},
year = {2004},
volume = {2},
number = {4},
pages = {597--620},
issn = {1572-8706},
doi = {10.1007/s11168-004-7431-3},
note = {\url{http://dx.doi.org/10.1007/s11168-004-7431-3}}
}
@InProceedings{SchaeferBildhauer2012,
author = {Roland Sch{\"{a}}fer and Felix Bildhauer},
title = {Building Large Corpora from the Web Using a New Efficient Tool Chain},
booktitle = {Proceedings of the Eight International Conference on Language Resources and Evaluation (LREC'12)},
year = {2012},
month = {may},
date = {2012-05-23/2012-05-25},
address = {Istanbul, Turkey},
editor = {Nicoletta Calzolari (Conference Chair) and Khalid Choukri and Thierry Declerck and Mehmet Uƒüur Doƒüan and Bente Maegaard and Joseph Mariani and Asuncion Moreno and Jan Odijk and Stelios Piperidis},
publisher = {European Language Resources Association (ELRA)},
isbn = {978-2-9517408-7-7},
language = {english}
}
@article{TACL570,
author = {Levy, Omer and Goldberg, Yoav and Dagan, Ido},
title = {Improving Distributional Similarity with Lessons Learned from Word Embeddings},
journal = {Transactions of the Association for Computational Linguistics},
volume = {3},
year = {2015},
keywords = {},
issn = {2307-387X},
note = {\url{https://tacl2013.cs.columbia.edu/ojs/index.php/tacl/article/view/570}},
pages = {211--225}
}
@article{Hochreiter:1997:LSM:1246443.1246450,
author = {Hochreiter, Sepp and Schmidhuber, J\"{u}rgen},
title = {Long Short-Term Memory},
journal = {Neural Computation},
issue_date = {November 15, 1997},
volume = {9},
number = {8},
month = nov,
year = {1997},
issn = {0899-7667},
pages = {1735--1780},
numpages = {46},
note = {\url{http://dx.doi.org/10.1162/neco.1997.9.8.1735}},
doi = {10.1162/neco.1997.9.8.1735},
acmid = {1246450},
publisher = {MIT Press},
address = {Cambridge, MA, USA},
} 
@inproceedings{1120431,
author = {Jakub{\'{i}}{\v{c}}ek, Milo{\v{s}} and Kilgarriff, Adam and Kov{\'a}{\v{r}}, Vojt{\v{e}}ch and Rychl{\`{y}}, Pavel and Suchomel, V{\'{i}}t},
address = {Lancaster},
booktitle = {7th International Corpus Linguistics Conference ({CL} 2013)},
howpublished = {online},
location = {Lancaster},
pages = {125-127},
title = {The {TenTen} Corpus Family},
note = {\url{http://ucrel.lancs.ac.uk/cl2013/}},
year = {2013}
}
@article{Beisswenger2013,
author = {Bei{\ss}wenger, Michael},
journal = {LINSE - Linguistik Server Essen},
pages = {1--13},
title = {{Das Dortmunder Chat-Korpus: ein annotiertes Korpus zur Sprachverwendung und sprachlichen Variation in der deutschsprachigen Chat-Kommunikation}},
note = {\url{http://www.linse.uni-due.de/tl_files/PDFs/Publikationen-Rezensionen/Chatkorpus_Beisswenger_2013.pdf}},
year = {2013}
}
@inproceedings{baldwin-EtAl:2013:IJCNLP,
author = {Baldwin, Timothy and Cook, Paul and Lui, Marco and MacKinlay, Andrew and Wang, Li},
title = {How Noisy Social Media Text, How Diffrnt Social Media Sources?},
booktitle = {Proceedings of the Sixth International Joint Conference on Natural Language Processing},
month = oct,
year = {2013},
address = {Nagoya, Japan},
publisher = {Asian Federation of Natural Language Processing},
pages = {356--364},
note = {\url{http://aclweb.org/anthology/I13-1041}}
}
@article{Androutsopoulos2007,
author = {Androutsopoulos, Jannis K.},
journal = {Mitteilungen des Deutschen Germanistenverbandes},
pages = {72--97},
title = {{Neue Medien -- neue Schriftlichkeit?}},
volume = {1},
year = {2007}
}
@book{Crystal2001,
address = {Cambridge, UK},
author = {Crystal, David},
doi = {10.1017/CBO9781139164771},
isbn = {9781139164771},
publisher = {Cambridge University Press},
title = {{Language and the Internet}},
note = {\url{http://ebooks.cambridge.org/ref/id/CBO9781139164771}},
year = {2001}
}
@article{KilgarriffGrefenstette03,
author = {Kilgarriff, Adam and Grefenstette, Gregory},
journal = {Computational Linguistics},
pages = {333--347},
title = {{Introduction to the special issue on the web as corpus}},
volume = {29},
year = {2003}
}
@incollection{BernardiniBaroniEvert2008,
title = {{A WaCky Introduction}},
author = {Bernardini, Silvia and Baroni, Marco and Evert, Stefan},
booktitle = {Wacky! Working papers on the Web as Corpus},
pages = {9--40},
publisher = {GEDIT},
address = {Bologna, Italy},
note = {\url{http://wackybook.sslmit.unibo.it/pdfs/bernardini.pdf}},
year = {2008}
}
@inproceedings{tran-bisazza-monz:2016:N16-1,
address = {San Diego, California},
author = {Tran, Ke and Bisazza, Arianna and Monz, Christof},
booktitle = {Proceedings of the 2016 Conference of the North American Chapter of the Association for Computational Linguistics: Human Language Technologies},
month = {jun},
pages = {321--331},
publisher = {Association for Computational Linguistics},
title = {{Recurrent Memory Networks for Language Modeling}},
note = {\url{http://www.aclweb.org/anthology/N16-1036}},
year = {2016}
}
@article{collobert:2011b,
title = {{Natural Language Processing (almost) from Scratch}},
author = {Collobert, Ronan and Weston, Jason and Bottou, L{\'e}on and Karlen, Michael and Kavukcuoglu, Koray and Kuksa, Pavel},
journal = {Journal of Machine Learning Research},
volume = {12},
pages = {2493--2537},
year = {2011},
note = {\url{https://arxiv.org/abs/1103.0398}}
}
@inproceedings{Turian:2010:WRS:1858681.1858721,
author = {Turian, Joseph and Ratinov, Lev and Bengio, Yoshua},
title = {Word Representations: A Simple and General Method for Semi-supervised Learning},
booktitle = {Proceedings of the 48th Annual Meeting of the Association for Computational Linguistics},
series = {ACL '10},
year = {2010},
location = {Uppsala, Sweden},
pages = {384--394},
numpages = {11},
note = {\url{http://dl.acm.org/citation.cfm?id=1858681.1858721}},
acmid = {1858721},
publisher = {Association for Computational Linguistics},
address = {Stroudsburg, PA, USA},
}
@book{OReilly2000,
author = {O'Reilly, Randall C. and Munakata, Yuko},
isbn = {0262650541},
pages = {504},
publisher = {MIT Press},
title = {{Computational Explorations in Cognitive Neuroscience Understanding the Mind by Simulating the Brain}},
note = {\url{http://books.google.com/books?id=BLf34BFTaIUC{\&}pgis=1}},
year = {2000}
}
@phdthesis{Hochreiter1991,
author = {Hochreiter, Sepp},
school = {TU M{\"{u}}nchen},
title = {{Untersuchungen zu dynamischen neuronalen Netzen}},
type = {diploma thesis},
year = {1991}
}
@inproceedings{empirist2016,
address = {Berlin, Germany},
author = {Bei{\ss}wenger, Michael and Bartsch, Sabine and Evert, Stefan and W{\"{u}}rzner, Kay-Michael},
booktitle = {Proceedings of the 10th Web as Corpus Workshop (WAC-X) and the EmpiriST Shared Task},
title = {{EmpiriST 2015: A Shared Task on the Automatic Linguistic Annotation of Computer-Mediated Communication, Social Media and Web Corpora}},
year = {to appear}
}
